%
%  Vzor bibliografické databáze pro automatickou tvorbu seznamu referencí
%  pomocí BibTeXu
%
%  Doporučený software pro správu databáze literatury formátu *.bib:
%    JabRef, http://jabref.sourceforge.net/
%
%  POZOR:
%
%    *  Písmena v názvech publikací, jež je třeba tisknout vždy velká, se musejí psát
%       do složených závorek ({T}hailand, {HIV})
%
%  ===========================================================================

@misc{SecSA,
  author = {Gilles},
  year = {2012},
  title = {How and when do I use HMAC?},
  url  = {https://security.stackexchange.com/questions/20129/how-and-when-do-i-use-hmac}, 
  note = {Naposledy navštíveno 2019-01-28},
  key = {SecSA}
}

@misc{MozillaSession,
  title = {Node Client Sessions},
  year = {2012},
  url = {https://github.com/mozilla/node-client-sessions},
  note = {Naposledy navštíveno 2019-02-01},
  key = {Mozilla},
  organization = {Mozilla},
}

@misc{TechopediaIV,
  title = {What is an Initialization Vector? - Definition from Techopedia},
  url = {https://www.techopedia.com/definition/26858/initialization-vector},
  journal = {Techopedia.com},
  key = {TP},
  note = {Naposledy navštíveno 2019-02-02},
}

@misc{RFC4649,
  author = {S. Josefsson},
  year = {2006},
  title = {The Base16, Base32, and Base64 Data Encodings},
  url  = {https://tools.ietf.org/html/rfc4648}, 
  note = {Naposledy navštíveno 2019-02-02},
  key = {RFC4649}
}

@ARTICLE{MediumScrypt,
  url = {https://medium.com/@mpreziuso/password-hashing-pbkdf2-scrypt-bcrypt-1ef4bb9c19b3},
  author = {Michele Preziuso},
  year = {2015},
  title = {Password Hashing: PBKDF2, Scrypt, Bcrypt},
  note = {Naposledy navštíveno 2019-02-04},
  key = {RFC4649}
}

@misc{ScryptTable,
  url = {https://www.tarsnap.com/scrypt/scrypt.pdf},
  author = {Colin Percival},
  year = {2009},
  title = {Stronger Key Derication Via Sequentialmemory-hard Functions},
  note = {Naposledy navštíveno 2019-02-04},
  pages = {14}
}

@misc{NodeScrypt,
  url = {https://github.com/barrysteyn/node-scrypt},
  author = {barrysteyn},
  year = {2016},
  title = {Scrypt for Node},
  note = {Naposledy navštíveno 2019-05-07},
}

@misc{MdnJsProxy,
  url = {https://developer.mozilla.org/en-US/docs/Web/JavaScript/Reference/Global_Objects/Proxy},
  year = {2019},
  title = {Proxy - JavaScript | MDN},
  note = {Naposledy navštíveno 2019-05-08},
}

@misc{NodePg,
  url = {https://node-postgres.com/},
  author = {},
  year = {2019},
  title = {Postgres for Node},
  note = {Naposledy navštíveno 2019-05-09},
  key = {NodePg},
}

@misc{PgType,
  url = {https://www.postgresql.org/docs/10/catalog-pg-type.html},
  author = {},
  year = {2019},
  title = {PostgreSQL 10 Documentation - pg\_type},
  note = {Naposledy navštíveno 2019-05-09},
  key = {PgType},
}

@misc{PgClass,
  url = {https://www.postgresql.org/docs/10/catalog-pg-class.html},
  author = {},
  year = {2019},
  title = {PostgreSQL 10 Documentation - pg\_class},
  note = {Naposledy navštíveno 2019-05-09},
  key = {PgClass},
}

@misc{W3DnD,
  url = {https://www.w3schools.com/html/html5_draganddrop.asp},
  author = {},
  title = {HTML5 Drag and Drop},
  note = {Naposledy navštíveno 2019-05-10},
  key = {W3DnD},
}

@misc{DomVm,
  url = {https://github.com/domvm/domvm},
  year = {2019},
  title = {DOM ViewModel - A thin, fast, dependency-free vdom view layer},
  note = {Naposledy navštíveno 2019-05-09},
}

@misc{TemporalTables,
  url = {https://github.com/mlt/temporal_tables/tree/pg11},
  year = {2019},
  title = {Temporal Tables PostgreSQL Extension},
  note = {Naposledy navštíveno 2019-05-09. Fork kompatibilní s PG11},
}

@misc{MithrilJs,
  url = {https://mithril.js.org/},
  year = {2019},
  title = {Mithril.js},
  note = {Naposledy navštíveno 2019-05-09},
}

@misc{Maliwan,
  url = {https://borderlands.fandom.com/wiki/Maliwan},
  year = {2019},
  title = {Maliwan},
  note = {Naposledy navštíveno 2019-05-10},
}

@misc{ScalaTags,
  url = {https://www.lihaoyi.com/scalatags/},
  title = {ScalaTags},
  note = {Naposledy navštíveno 2019-05-10},
}

@misc{PostgreSQL,
  url = {https://www.postgresql.org/},
  title = {PostgreSQL},
  note = {Naposledy navštíveno 2019-05-10},
}

@misc{NodeJs,
  url = {https://nodejs.org/en/},
  title = {Node.js},
  note = {Naposledy navštíveno 2019-05-10},
}

@misc{Npm,
  url = {https://www.npmjs.com/get-npm},
  title = {npm},
  note = {Naposledy navštíveno 2019-05-10},
}

@misc{Sbt,
  url = {https://www.scala-sbt.org/},
  title = {sbt - The interactive build tool},
  note = {Naposledy navštíveno 2019-05-10},
}
